<?xml version="1.0" encoding="UTF-8"?><collection xmlns="http://www.loc.gov/MARC21/slim"><record><leader>00450nam--2200145-i-4500</leader><controlfield tag="001">000013493</controlfield><controlfield tag="002">20161230</controlfield><controlfield tag="005">20161230201030</controlfield><controlfield tag="008">060222s1000------------r-----000-0-eng-d</controlfield><datafield ind1=" " ind2=" " tag="080"><subfield code="a">548.2(061.3):3</subfield></datafield><datafield ind1=" " ind2=" " tag="245"><subfield code="a">Growth and properties of metal clusters. applications to cataslysis and the photographi c process</subfield></datafield><datafield ind1=" " ind2=" " tag="260"><subfield code="a">Amsterdam, Elsevier Scientific Publishing, Company, 1980 Viii + 549 P</subfield></datafield><datafield ind1=" " ind2=" " tag="490"><subfield code="a">4</subfield></datafield><datafield ind1=" " ind2=" " tag="700"><subfield code="a">Bourdon, Jean</subfield></datafield><datafield ind1=" " ind2=" " tag="852"><subfield code="a">47049</subfield></datafield></record></collection>